<?xml version="1.0" encoding="UTF-8"?><collection><record><leader>04942ntm a2200517 a 4500</leader><controlfield tag="001">006837285</controlfield><controlfield tag="003">MiAaHDL</controlfield><controlfield tag="005">20190719000000.0</controlfield><controlfield tag="006">m        d        </controlfield><controlfield tag="007">cr bn ---auaua</controlfield><controlfield tag="008">090709s16uu    xx            00| ||per d</controlfield><datafield tag="035" ind1=" " ind2=" "><subfield code="a">(MiU)006837285</subfield></datafield><datafield tag="035" ind1=" " ind2=" "><subfield code="a">sdr-miu006837285</subfield></datafield><datafield tag="040" ind1=" " ind2=" "><subfield code="a">MiU</subfield><subfield code="c">MiU</subfield><subfield code="e">amremm</subfield></datafield><datafield tag="043" ind1=" " ind2=" "><subfield code="a">n-us-mi</subfield></datafield><datafield tag="245" ind1="0" ind2="0"><subfield code="6">880-03</subfield><subfield code="a">[Risālah dar ʻibādāt,</subfield><subfield code="f">17th century?].</subfield></datafield><datafield tag="260" ind1=" " ind2=" "><subfield code="c">[16--?].</subfield></datafield><datafield tag="300" ind1=" " ind2=" "><subfield code="a">82 leaves :</subfield><subfield code="b">paper ;</subfield><subfield code="c">222 x 144 (138 x 78) mm.</subfield></datafield><datafield tag="500" ind1=" " ind2=" "><subfield code="a">Shelfmark: Ann Arbor, University of Michigan, Special Collections Library, Isl. Ms. 877</subfield></datafield><datafield tag="500" ind1=" " ind2=" "><subfield code="a">Origin: As appears in colophon at close on p.163, copied by Luṭf Allāh ibn Amān Allāh. Date of transcription not specified. Paper, hand, etc. may suggest 17th century.</subfield></datafield><datafield tag="500" ind1=" " ind2=" "><subfield code="a">Accompanying materials: a. Slip with descriptive notes in hand of G. Meredith-Owens "MO 17 Imperfect at the beginning. A work on Muslim institutions (the Ḥajj, almsgiving, etc.) based in the practice of the Prophet as laid down by the Ḥadīth. Undated. Copied by Luṭfullāh b. Amānullāh" -- b. Slip with notes "Persian MSS (Heyworth-Dunne?) with Meredith-Owens notes" -- c. Slip with note "Counted for 1968/69 Annual Report"</subfield></datafield><datafield tag="500" ind1=" " ind2=" "><subfield code="a">Former shelfmark: Mich. Isl. Ms. temp. no. 26</subfield></datafield><datafield tag="500" ind1=" " ind2=" "><subfield code="a">Binding: Heavy pasteboards covered in quite dark brown (to black) leather ; Type III binding (without flap) ; doublures in dark red leather, current flyleaves in untinted European laid paper ; upper and lower covers carry blind stamped mandorla, pendants, and cornerpieces (each filled with vegetal composition), as well as blind rule borders ; now sewn in white thread, two stations ; worked chevron endbands in red and blue, fair condition with some losses ; overall in fair condition with losses and delamination of lower board, some abrasion and staining, etc. ; repairs to spine (rebacked), likely resewn.</subfield></datafield><datafield tag="500" ind1=" " ind2=" "><subfield code="a">Support: non-European (likely Persian or Indian) laid paper with roughly 6 laid lines per cm. (horizontal, fairly distinct, curving) and occasional chain line visible, somewhat cloudy formation, inclusions visible, fairly thin and transluscent though quite sturdy, well-burnished, dark cream to beige in color ; repairs (guards and fills) ; flyleaves in untinted European laid paper.</subfield></datafield><datafield tag="500" ind1=" " ind2=" "><subfield code="a">Decoration: Keywords (فصل marking each section, etc.) rubricated ; some overlining (with two-teeth stroke) in red ; written area throughout surrounded by gold frame with outermost blue rule.</subfield></datafield><datafield tag="500" ind1=" " ind2=" "><subfield code="a">Script: Nastaʻlīq ; spacious, elegant hand in a medium to heavy line ; characteristically serifless with gentle effect of words descending to baseline, elongation and exaggerated thickness of horizontal strokes, pointing in distinct or conjoined dots, final or free-standing nūn somewhat irregular, but often set down in wide, slightly angled bowl.</subfield></datafield><datafield tag="500" ind1=" " ind2=" "><subfield code="a">Layout: Written in 15 lines per page ; frame-ruled.</subfield></datafield><datafield tag="500" ind1=" " ind2=" "><subfield code="a">Collation: ii, IV-2 (6), 3 IV(30), III (36), III-1 (41), 4 IV(73), III (79), II-1 (82), ii ; chiefly quaternions ; middle of the quire marks in the form of oblique strokes in black appearing in the upper outer corner of the right-hand leaf and lower outer corner of the left-hand leaf ; catchwords present ; pagination in pencil, Western numerals, supplied during cataloguing.</subfield></datafield><datafield tag="500" ind1=" " ind2=" "><subfield code="a">Colophon: "Scribal," reads "حرره لطف الله بن امان الله ریئ"</subfield></datafield><datafield tag="500" ind1=" " ind2=" "><subfield code="a">Explicit: "... در دنیا سبب نجات از فتن و حوادث و در آخرت موجب رحمت و مغفرت باشد و ما ذلک علی الله بعزیزه و تمت تم"</subfield></datafield><datafield tag="500" ind1=" " ind2=" "><subfield code="a">Incipit: "فتنه اشغال بعلم حدیث واجب دیده وضو رسوم حوادث را باین تریاق فاروق مندفع گردانید و جون علم حدیث بحر لا ساحل است ..."</subfield></datafield><datafield tag="500" ind1=" " ind2=" "><subfield code="a">Title supplied by cataloguer.</subfield></datafield><datafield tag="500" ind1=" " ind2=" "><subfield code="a">Ms. codex.</subfield></datafield><datafield tag="520" ind1="8" ind2=" "><subfield code="a">Elegant (though acephalous) copy of a work in Persian on matters of Islamic ritual practice (ʻibādāt) as attested in the ḥadīth of the Prophet. Contributions to the cataloguing from Elizabeth Kunze.</subfield></datafield><datafield tag="538" ind1=" " ind2=" "><subfield code="a">Mode of access: Internet.</subfield></datafield><datafield tag="541" ind1=" " ind2=" "><subfield code="c">Gift ;</subfield><subfield code="a">Acquired from Frank E. Nuttall (1875-1943).</subfield></datafield><datafield tag="546" ind1=" " ind2=" "><subfield code="a">Persian.</subfield></datafield><datafield tag="561" ind1=" " ind2=" "><subfield code="a">Occasional marginal corrections.</subfield></datafield><datafield tag="650" ind1=" " ind2="0"><subfield code="a">Manuscripts, Persian</subfield><subfield code="z">Michigan</subfield><subfield code="z">Ann Arbor.</subfield></datafield><datafield tag="650" ind1=" " ind2="0"><subfield code="a">Pillars of Islam</subfield><subfield code="v">Early works to 1800.</subfield></datafield><datafield tag="650" ind1=" " ind2="0"><subfield code="a">Islam</subfield><subfield code="x">Doctrines</subfield><subfield code="v">Early works to 1800.</subfield></datafield><datafield tag="650" ind1=" " ind2="0"><subfield code="a">Islam</subfield><subfield code="x">Customs and practices</subfield><subfield code="v">Early works to 1800.</subfield></datafield><datafield tag="700" ind1="0" ind2=" "><subfield code="6">880-08</subfield><subfield code="a">Luṭf Allāh ibn Amān Allāh,</subfield><subfield code="e">scribe.</subfield></datafield><datafield tag="773" ind1="0" ind2=" "><subfield code="a">F. E. Nuttall Collection.</subfield></datafield><datafield tag="880" ind1="0" ind2=" "><subfield code="6">700-08/</subfield><subfield code="a">لطف الله بن امان الله،</subfield><subfield code="e">ناسخ.</subfield></datafield><datafield tag="880" ind1="0" ind2="0"><subfield code="6">245-03/</subfield><subfield code="a">[رساله در عبادات،</subfield><subfield code="f">قرن 17م؟].</subfield></datafield><datafield tag="CID" ind1=" " ind2=" "><subfield code="a">006837285</subfield></datafield><datafield tag="DAT" ind1="0" ind2=" "><subfield code="a">20190719102641.0</subfield><subfield code="b">20190719000000.0</subfield></datafield><datafield tag="DAT" ind1="1" ind2=" "><subfield code="a">20190719090653.0</subfield><subfield code="b">2019-07-19T16:10:56Z</subfield></datafield><datafield tag="DAT" ind1="2" ind2=" "><subfield code="a">2015-10-10T18:00:06Z</subfield></datafield><datafield tag="CAT" ind1=" " ind2=" "><subfield code="a">SDR-MIU</subfield><subfield code="d">EX LIBRIS - ALEPH</subfield><subfield code="l">prepare.pl-004-008</subfield></datafield><datafield tag="FMT" ind1=" " ind2=" "><subfield code="a">BK</subfield></datafield><datafield tag="HOL" ind1=" " ind2=" "><subfield code="0">sdr-miu006837285</subfield><subfield code="a">MiU</subfield><subfield code="b">SDR</subfield><subfield code="c">MIU</subfield><subfield code="p">mdp.39015079132547</subfield><subfield code="s">MIU</subfield><subfield code="1">006837285</subfield></datafield><datafield tag="974" ind1=" " ind2=" "><subfield code="b">MIU</subfield><subfield code="c">MIU</subfield><subfield code="d">20190719</subfield><subfield code="s">lit-dlps-dc</subfield><subfield code="u">mdp.39015079132547</subfield><subfield code="y">1699</subfield><subfield code="r">pd</subfield><subfield code="q">bib</subfield><subfield code="t">non-US bib date1 &lt; 1879</subfield></datafield></record></collection>